@article{horn1987closed,
  title={Closed-form solution of absolute orientation using unit quaternions},
  author={Horn, B.K.P.},
  journal={JOSA A},
  volume={4},
  number={4},
  pages={629--642},
  year={1987},
  publisher={Optical Society of America}
}

@INPROCEEDINGS{Henry2010rgbd,
    author = {Peter Henry and Michael Krainin and Evan Herbst and Xiaofeng Ren and Dieter Fox},
    title = {RGB-D Mapping: Using Depth Cameras for Dense 3D Modeling of Indoor Environments},
    booktitle = {International Symposium on Experimental Robotics},
    year = {2010},
    month = {December},
    address = {New Delhi, India},
}

@inproceedings{Huang2011isrr,
    author = {Albert S. Huang and Abraham Bachrach and Peter Henry and Michael Krainin and Daniel Maturana and Dieter Fox and Nicholas Roy},
    title = {Visual Odometry and Mapping for Autonomous Flight Using an RGB-D Camera},
    booktitle = {{Int. Symposium on Robotics Research (ISRR)}},
    month = {Aug.},
    year = {2011},
    address = {Flagstaff, Arizona, USA}
}

@misc{OpenKinect,
    author = {OpenKinect},
    howpublished = {\url{http://openkinect.org/wiki/Main_Page}},
}

@misc{BurrusCalibration,
    author = {Nicolas Burrus},
    title = {Kinect RGBDemo},
    howpublished = {\url{http://nicolas.burrus.name/index.php/Research/KinectRgbDemoV6}},
}

@misc{SIFTGPU,
    author = {C. Wu},
    title = {SiftGPU: A GPU implementation of scale invariant feature transform (SIFT).},
    howpublished = {\url{http://cs.unc.edu/~ccwu/siftgpu}},
}

@misc{MatlabCalibration,
    author = {Jean-Yves Bouguet},
    title = {Camera Calibration Toolbox for Matlab},
    howpublished = {\url{http://www.vision.caltech.edu/bouguetj/calib_doc/}},
}

@article{opencv_library,
    author = {Bradski, G.},
    citeulike-article-id = {2236121},
    journal = {Dr. Dobb's Journal of Software Tools},
    keywords = {bibtex-import},
    posted-at = {2008-01-15 19:21:54},
    priority = {4},
    title = {{The OpenCV Library}},
    year = {2000}
}

@INPROCEEDINGS{Bay06surf,
    author = {Herbert Bay and Tinne Tuytelaars and Luc Van Gool},
    title = {Surf: Speeded up robust features},
    booktitle = {In ECCV},
    year = {2006},
    pages = {404--417}
}

@inproceedings{olson2011tags,
    TITLE      = {{AprilTag}: A robust and flexible visual fiducial system},
    AUTHOR     = {Edwin Olson},
    BOOKTITLE  = {Proceedings of the {IEEE} International Conference on Robotics and
                 Automation ({ICRA})},
    YEAR       = {2011},
    MONTH      = {May},
    VOLUME     = {},
    NUMBER     = {},
    PAGES      = { },
    KEYWORDS   = { Robot navigation, SLAM, Visual Fiducial, ARToolkit},
    ISSN       = { },
}

@MISC{gicp,
    author = {Aleksandr V. Segal and Dirk Haehnel and Sebastian Thrun},
    title = {Generalized-ICP},
    year = {}
}

@INPROCEEDINGS{silviogicp, author={Pandey, G. and McBride, J.R. and Savarese, S. and Eustice, R.M.}, booktitle={Robotics and Automation (ICRA), 2011 IEEE International Conference on}, title={Visually bootstrapped generalized ICP}, year={2011}, month={may}, volume={}, number={}, pages={2660 -2667}, keywords={3D laser scanner;automatic registration;coregistered 3D lidar;high dimensional feature space;iterative closest point;omnidirectional camera imagery;putative point;random sample consensus framework;rigid body transformation;scale invariant feature transform;speeded up robust features;unstructured 3D point cloud;visually bootstrapped generalized ICP;image registration;iterative methods;optical radar;optical scanners;solid modelling;statistical analysis;transforms;}, doi={10.1109/ICRA.2011.5980322}, ISSN={1050-4729},}