@INPROCEEDINGS{Henry10rgbd,
    author = {Peter Henry and Michael Krainin and Evan Herbst and Xiaofeng Ren and Dieter Fox},
    title = {RGB-D Mapping: Using Depth Cameras for Dense 3D Modeling of Indoor Environments},
    booktitle = {International Symposium on Experimental Robotics},
    year = {2010},
    month = {December},
    address = {New Delhi, India},
}

